@misc{cvTs,
  title = {Cross-validation for time series}, 
  howpublished ={\url{http://robjhyndman.com/hyndsight/crossvalidation/}},
  note = {Accessed: 2017-05-01}}

@article{hauser2013relative,
  title={Relative Robust Portfolio Optimization},
  author={Hauser, Raphael and Krishnamurthy, Vijay and T{\"u}t{\"u}nc{\"u}, Reha},
  journal={arXiv preprint arXiv:1305.0144},
  year={2013}
}